<collection xmlns="http://www.loc.gov/MARC21/slim">
<record>
  <leader>03144nam0a22004331i 450 </leader>
  <controlfield tag="001">IT\ICCU\CNCE\054995</controlfield>
  <controlfield tag="005">20061107000000.0</controlfield>
  <datafield tag="012" ind1=" " ind2=" ">
    <subfield code="a">o-u- uaur itlt qn&amp;l (3) 1577 (R)</subfield>
    <subfield code="2">fei</subfield>
    <subfield code="9">3</subfield>
  </datafield>
  <datafield tag="100" ind1=" " ind2=" ">
    <subfield code="a">20031209g15761577    0itac0103    ba</subfield>
  </datafield>
  <datafield tag="101" ind1=" " ind2=" ">
    <subfield code="a">LAT</subfield>
  </datafield>
  <datafield tag="102" ind1=" " ind2=" ">
    <subfield code="a">IT</subfield>
  </datafield>
  <datafield tag="200" ind1="1" ind2=" ">
    <subfield code="a">℗Baldi Vbaldi Perusini iureconsulti omnium suae tempestatis celeberrimi, ingenio acutissimi, sensq̮ue profundissimi, ℗In primam \-secundam! Digesti veteris partem commentaria, Alexandri Imolen. Andreae Barb. Celsi, Philippique Decij adnotationibus illustrata, necnon summarijs, et indice ...</subfield>
  </datafield>
  <datafield tag="210" ind1=" " ind2=" ">
    <subfield code="a">Venetis</subfield>
    <subfield code="c">\Lucantonio Giunta il giovane!</subfield>
    <subfield code="d">1576-1577</subfield>
  </datafield>
  <datafield tag="215" ind1=" " ind2=" ">
    <subfield code="a">10 v.</subfield>
    <subfield code="d">fol</subfield>
  </datafield>
  <datafield tag="300" ind1=" " ind2=" ">
    <subfield code="a">ANNULLATA  !!!!!   vedi 275202: In secundam Digesti veteris partem commentaria, ... 15773: In primam et secun. Infortiati partem commentaria, ... 15774: In Digestum nouum commentaria, ... 15775: In primum, secundum, et tertium Cod. lib. commentaria ... 15776: In quartum et quintum Codicis libros commentaria,  ... 1577 (Venetiis : \Lucantonio Giunta il giovane!, 1576)7: In sextum Codicis librum commentaria, ... 15778: In VII, VIII, IX, X et XI Codicis libros commentaria, ... 15779: In quatuor Institutionum libros. ... 157610: Index locupletissimus rerum omnium ac sententiarum memorabilium, ... Venetiis : apud Iuntas, 1577</subfield>
  </datafield>
  <datafield tag="620" ind1=" " ind2=" ">
    <subfield code="a">IT</subfield>
    <subfield code="d">Venezia</subfield>
  </datafield>
  <datafield tag="700" ind1=" " ind2="1">
    <subfield code="a">Ubaldi,</subfield>
    <subfield code="b">Baldo : degli</subfield>
    <subfield code="3">IT\ICCU\CNCA\000077</subfield>
  </datafield>
  <datafield tag="702" ind1=" " ind2="1">
    <subfield code="a">Barbazza,</subfield>
    <subfield code="b">Andrea</subfield>
    <subfield code="3">IT\ICCU\CNCA\001033</subfield>
  </datafield>
  <datafield tag="702" ind1=" " ind2="1">
    <subfield code="a">Tartagni,</subfield>
    <subfield code="b">Alessandro</subfield>
    <subfield code="3">IT\ICCU\CNCA\001036</subfield>
  </datafield>
  <datafield tag="702" ind1=" " ind2="1">
    <subfield code="a">Decio,</subfield>
    <subfield code="b">Filippo</subfield>
    <subfield code="3">IT\ICCU\CNCA\004660</subfield>
  </datafield>
  <datafield tag="712" ind1="0" ind2="0">
    <subfield code="a">Giunta, Lucantonio</subfield>
    <subfield code="c"> &lt;2.&gt;</subfield>
    <subfield code="3">IT\ICCU\CNCT\000089</subfield>
    <subfield code="4">650</subfield>
  </datafield>
  <datafield tag="790" ind1=" " ind2="0">
    <subfield code="a">Baldo</subfield>
    <subfield code="c"> : degli#Ubaldi</subfield>
    <subfield code="3">IT\ICCU\CNCA\007674</subfield>
    <subfield code="z">Ubaldi, Baldo : degli</subfield>
  </datafield>
  <datafield tag="790" ind1=" " ind2="0">
    <subfield code="a">Baldus</subfield>
    <subfield code="c"> : Perusinus</subfield>
    <subfield code="3">IT\ICCU\CNCA\007676</subfield>
    <subfield code="z">Ubaldi, Baldo : degli</subfield>
  </datafield>
  <datafield tag="790" ind1=" " ind2="0">
    <subfield code="a">Baldus</subfield>
    <subfield code="c"> : de#Perusio</subfield>
    <subfield code="3">IT\ICCU\CNCA\012449</subfield>
    <subfield code="z">Ubaldi, Baldo : degli</subfield>
  </datafield>
  <datafield tag="790" ind1=" " ind2="0">
    <subfield code="a">Baldus</subfield>
    <subfield code="c"> &lt;giurista&gt;</subfield>
    <subfield code="3">IT\ICCU\CNCA\023536</subfield>
    <subfield code="z">Ubaldi, Baldo : degli</subfield>
  </datafield>
  <datafield tag="790" ind1=" " ind2="1">
    <subfield code="a">Barbatia,</subfield>
    <subfield code="b">Andreas</subfield>
    <subfield code="3">IT\ICCU\CNCA\027275</subfield>
    <subfield code="z">Barbazza, Andrea</subfield>
  </datafield>
  <datafield tag="790" ind1=" " ind2="1">
    <subfield code="a">Barbatius,</subfield>
    <subfield code="b">Andreas</subfield>
    <subfield code="3">IT\ICCU\CNCA\027276</subfield>
    <subfield code="z">Barbazza, Andrea</subfield>
  </datafield>
  <datafield tag="790" ind1=" " ind2="0">
    <subfield code="a">Alessandro</subfield>
    <subfield code="c"> : d&apos;Imola</subfield>
    <subfield code="3">IT\ICCU\CNCA\007562</subfield>
    <subfield code="z">Tartagni, Alessandro</subfield>
  </datafield>
  <datafield tag="790" ind1=" " ind2="1">
    <subfield code="a">Tartagna,</subfield>
    <subfield code="b">Alessandro</subfield>
    <subfield code="3">IT\ICCU\CNCA\014966</subfield>
    <subfield code="z">Tartagni, Alessandro</subfield>
  </datafield>
  <datafield tag="790" ind1=" " ind2="0">
    <subfield code="a">Alexander</subfield>
    <subfield code="c"> : Imolensis</subfield>
    <subfield code="3">IT\ICCU\CNCA\014967</subfield>
    <subfield code="z">Tartagni, Alessandro</subfield>
  </datafield>
  <datafield tag="790" ind1=" " ind2="1">
    <subfield code="a">Tartagnus,</subfield>
    <subfield code="b">Alexander</subfield>
    <subfield code="3">IT\ICCU\CNCA\020820</subfield>
    <subfield code="z">Tartagni, Alessandro</subfield>
  </datafield>
  <datafield tag="790" ind1=" " ind2="1">
    <subfield code="a">Decius,</subfield>
    <subfield code="b">Philippus</subfield>
    <subfield code="3">IT\ICCU\CNCA\015308</subfield>
    <subfield code="z">Decio, Filippo</subfield>
  </datafield>
  <datafield tag="790" ind1=" " ind2="1">
    <subfield code="a">De_Dexio,</subfield>
    <subfield code="b">Philippus</subfield>
    <subfield code="3">IT\ICCU\CNCA\023186</subfield>
    <subfield code="z">Decio, Filippo</subfield>
  </datafield>
  <datafield tag="791" ind1="0" ind2="0">
    <subfield code="a">Iunta, Lucas Antonius</subfield>
    <subfield code="c"> &lt;2.&gt;</subfield>
    <subfield code="3">IT\ICCU\CNCT\003893</subfield>
    <subfield code="z">Giunta, Lucantonio &lt;2.&gt;</subfield>
  </datafield>
  <datafield tag="791" ind1="0" ind2="0">
    <subfield code="a">Giunti, Lucantonio</subfield>
    <subfield code="c"> &lt;2.&gt;</subfield>
    <subfield code="3">IT\ICCU\CNCT\004932</subfield>
    <subfield code="z">Giunta, Lucantonio &lt;2.&gt;</subfield>
  </datafield>
  <datafield tag="801" ind1=" " ind2="3">
    <subfield code="a">IT</subfield>
    <subfield code="b">ICCU</subfield>
    <subfield code="c">20201115</subfield>
  </datafield>
  <datafield tag="899" ind1=" " ind2=" ">
    <subfield code="a">Biblioteca delle facolt ̉di Giurisprudenza e Scienze politiche dell&apos;Universit ̉degli studi di Urbino. Urbino</subfield>
    <subfield code="z">MUTILO</subfield>
    <subfield code="1">PU0127</subfield>
    <subfield code="2">URB AG</subfield>
  </datafield>
  <datafield tag="899" ind1=" " ind2=" ">
    <subfield code="a">Biblioteca del Senato della Repubblica Giovanni Spadolini. Roma</subfield>
    <subfield code="1">RM0427</subfield>
    <subfield code="2">ZRM 12</subfield>
  </datafield>
  <datafield tag="899" ind1=" " ind2=" ">
    <subfield code="a">Biblioteca della Facolt ̉di giurisprudenza dell&apos;Universit ̉degli Studi di Teramo. Teramo</subfield>
    <subfield code="z">MUTILO</subfield>
    <subfield code="1">TE0045</subfield>
    <subfield code="2">ABR R3</subfield>
  </datafield>
</record>
</collection>
